Row ID,Order ID,Order Date,Ship Date,Ship Mode,Customer ID,Customer Name,Segment,City,State,Country,Postal Code,Market,Region,Product ID,Category,Sub-Category,Product Name,Sales,Quantity,Discount,Profit,Shipping Cost,Order Priority
1,MX-2014-143658,10/2/2014,10/6/2014,Standard Class,SC-20575,Sonia Cooley,Consumer,Mexico City,Distrito Federal,Mexico,,LATAM,North,OFF-LA-10002782,Office Supplies,Labels,"Hon File Folder Labels, Adjustable",13.08,3,0,4.56, 1.03 ,Medium
2,MX-2012-155047,10/15/2012,10/20/2012,Standard Class,KW-16570,Kelly Williams,Consumer,Dos Quebradas,Risaralda,Colombia,,LATAM,South,FUR-FU-10004015,Furniture,Furnishings,"Tenex Clock, Durable",252.16,8,0,90.72, 13.45 ,Medium
3,MX-2012-155047,10/15/2012,10/20/2012,Standard Class,KW-16570,Kelly Williams,Consumer,Dos Quebradas,Risaralda,Colombia,,LATAM,South,FUR-BO-10002352,Furniture,Bookcases,"Ikea 3-Shelf Cabinet, Mobile",193.28,2,0,54.08, 9.63 ,Medium
4,MX-2012-155047,10/15/2012,10/20/2012,Standard Class,KW-16570,Kelly Williams,Consumer,Dos Quebradas,Risaralda,Colombia,,LATAM,South,OFF-BI-10004428,Office Supplies,Binders,"Cardinal Binder, Clear",35.44,4,0,4.96, 1.37 ,Medium
5,MX-2012-155047,10/15/2012,10/20/2012,Standard Class,KW-16570,Kelly Williams,Consumer,Dos Quebradas,Risaralda,Colombia,,LATAM,South,OFF-AR-10004594,Office Supplies,Art,"Sanford Canvas, Water Color",71.6,2,0,11.44, 3.79 ,Medium
6,MX-2012-155047,10/15/2012,10/20/2012,Standard Class,KW-16570,Kelly Williams,Consumer,Dos Quebradas,Risaralda,Colombia,,LATAM,South,OFF-EN-10001375,Office Supplies,Envelopes,"GlobeWeis Mailers, with clear poly window",56.12,2,0,21.32, 4.72 ,Medium
7,MX-2013-134096,9/27/2013,10/1/2013,Standard Class,DP-13000,Darren Powers,Consumer,São Paulo,São Paulo,Brazil,,LATAM,South,OFF-EN-10001375,Office Supplies,Envelopes,"GlobeWeis Mailers, with clear poly window",56.12,2,0,21.32, 4.11 ,Medium
8,MX-2013-134096,9/27/2013,10/1/2013,Standard Class,DP-13000,Darren Powers,Consumer,São Paulo,São Paulo,Brazil,,LATAM,South,TEC-MA-10004956,Technology,Machines,"Konica Card Printer, Red",344.64,3,0,165.42, 26.20 ,Medium
9,MX-2013-134096,9/27/2013,10/1/2013,Standard Class,DP-13000,Darren Powers,Consumer,São Paulo,São Paulo,Brazil,,LATAM,South,OFF-SU-10003474,Office Supplies,Supplies,"Elite Box Cutter, Easy Grip",97.36,4,0,19.44, 6.86 ,Medium
10,MX-2013-134096,9/27/2013,10/1/2013,Standard Class,DP-13000,Darren Powers,Consumer,São Paulo,São Paulo,Brazil,,LATAM,South,TEC-AC-10001830,Technology,Accessories,"Enermax Router, Erganomic",341.52,2,0,13.64, 17.34 ,Medium
11,MX-2013-134096,9/27/2013,10/1/2013,Standard Class,DP-13000,Darren Powers,Consumer,São Paulo,São Paulo,Brazil,,LATAM,South,OFF-BI-10002075,Office Supplies,Binders,"Wilson Jones Hole Reinforcements, Durable",12.06,3,0,3.48, 1.13 ,Medium
12,MX-2013-156335,3/5/2013,3/12/2013,Standard Class,TB-21250,Tim Brockman,Consumer,Managua,Managua,Nicaragua,,LATAM,Central,OFF-FA-10002526,Office Supplies,Fasteners,"Accos Staples, 12 Pack",20.76,3,0,9.54, 0.65 ,Medium
13,MX-2013-156335,3/5/2013,3/12/2013,Standard Class,TB-21250,Tim Brockman,Consumer,Managua,Managua,Nicaragua,,LATAM,Central,FUR-CH-10002846,Furniture,Chairs,"Hon Steel Folding Chair, Black",210.64,4,0,50.48, 16.07 ,Medium
14,MX-2014-135706,10/18/2014,10/23/2014,Standard Class,JK-15625,Jim Karlsson,Consumer,Brasília,Federal District,Brazil,,LATAM,South,OFF-AR-10003914,Office Supplies,Art,"Stanley Canvas, Easy-Erase",132.64,4,0,35.76, 6.20 ,Medium
15,MX-2014-135706,10/18/2014,10/23/2014,Standard Class,JK-15625,Jim Karlsson,Consumer,Brasília,Federal District,Brazil,,LATAM,South,OFF-FA-10000038,Office Supplies,Fasteners,"Advantus Clamps, Metal",12.94,1,0,1.02, 0.46 ,Medium
16,MX-2013-163139,10/29/2013,11/2/2013,Second Class,TB-21055,Ted Butterfield,Consumer,Santiago,Santiago,Chile,,LATAM,South,TEC-AC-10002749,Technology,Accessories,"Enermax Mouse, USB",27,1,0,5.94, 3.90 ,High
17,MX-2013-163139,10/29/2013,11/2/2013,Second Class,TB-21055,Ted Butterfield,Consumer,Santiago,Santiago,Chile,,LATAM,South,OFF-SU-10000066,Office Supplies,Supplies,"Acme Box Cutter, Serrated",207,9,0,66.24, 37.86 ,High
18,US-2012-133970,9/26/2012,9/29/2012,First Class,SJ-20215,Sarah Jordon,Consumer,Hermosillo,Sonora,Mexico,,LATAM,North,FUR-FU-10001142,Furniture,Furnishings,"Deflect-O Clock, Black",181.116,9,0.4,-75.564, 1.09 ,Medium
19,MX-2013-121839,6/17/2013,6/21/2013,Second Class,RW-19690,Robert Waldorf,Consumer,Milpa Alta,Distrito Federal,Mexico,,LATAM,North,TEC-PH-10001288,Technology,Phones,"Motorola Speaker Phone, with Caller ID",346.08,4,0,155.68, 33.64 ,High
20,MX-2014-142643,10/29/2014,11/2/2014,Standard Class,MT-17815,Meg Tillman,Consumer,San Juan del Río,Querétaro,Mexico,,LATAM,North,TEC-MA-10003625,Technology,Machines,"Panasonic Inkjet, White",414,2,0,45.52, 21.91 ,Medium
21,MX-2014-142643,10/29/2014,11/2/2014,Standard Class,MT-17815,Meg Tillman,Consumer,San Juan del Río,Querétaro,Mexico,,LATAM,North,OFF-AP-10002681,Office Supplies,Appliances,"Hamilton Beach Stove, Black",722.36,2,0,50.56, 44.08 ,Medium
22,MX-2014-142643,10/29/2014,11/2/2014,Standard Class,MT-17815,Meg Tillman,Consumer,San Juan del Río,Querétaro,Mexico,,LATAM,North,TEC-AC-10004939,Technology,Accessories,"Memorex Mouse, Bluetooth",56.34,3,0,3.9, 2.52 ,Medium
23,US-2012-151372,4/27/2012,5/2/2012,Standard Class,AS-10240,Alan Shonely,Consumer,Santo Domingo,Santo Domingo,Dominican Republic,,LATAM,Caribbean,OFF-ST-10003184,Office Supplies,Storage,"Eldon Trays, Wire Frame",125.44,5,0.2,-0.06, 10.19 ,Medium
24,US-2012-151372,4/27/2012,5/2/2012,Standard Class,AS-10240,Alan Shonely,Consumer,Santo Domingo,Santo Domingo,Dominican Republic,,LATAM,Caribbean,TEC-CO-10001756,Technology,Copiers,"Canon Personal Copier, Color",153.40752,2,0.202,36.12752, 14.25 ,Medium
25,MX-2011-127145,6/12/2011,6/17/2011,Standard Class,SF-20200,Sarah Foster,Consumer,São Benedito,Ceará,Brazil,,LATAM,South,FUR-FU-10003608,Furniture,Furnishings,"Advantus Light Bulb, Black",26.76,2,0,7.48, 2.04 ,High
26,MX-2011-137897,5/17/2011,5/20/2011,Second Class,JM-15580,Jill Matthias,Consumer,Tulancingo,Hidalgo,Mexico,,LATAM,North,TEC-PH-10000018,Technology,Phones,"Nokia Smart Phone, Full Size",2124.5,5,0,488.6, 447.66 ,High
27,US-2011-134950,8/24/2011,8/28/2011,Standard Class,PW-19240,Pierre Wener,Consumer,Panama City,Panama,Panama,,LATAM,Central,OFF-AR-10001402,Office Supplies,Art,"Sanford Highlighters, Water Color",22.716,3,0.4,-11.784, 1.58 ,High
28,MX-2011-155488,10/21/2011,10/27/2011,Standard Class,CC-12220,Chris Cortes,Consumer,La Paz,Baja California Sur,Mexico,,LATAM,North,OFF-AP-10001723,Office Supplies,Appliances,"Hoover Blender, Black",63.54,1,0,20.96, 4.42 ,Medium
29,US-2012-164609,8/26/2012,8/28/2012,Second Class,LC-16885,Lena Creighton,Consumer,Tegucigalpa,Francisco Morazán,Honduras,,LATAM,Central,FUR-BO-10003499,Furniture,Bookcases,"Ikea Library with Doors, Pine",437.688,3,0.4,-248.052, 83.77 ,Critical
30,US-2012-104997,11/5/2012,11/11/2012,Standard Class,RK-19300,Ralph Kennedy,Consumer,La Ceiba,Atlántida,Honduras,,LATAM,Central,FUR-TA-10004584,Furniture,Tables,"Hon Training Table, Rectangular",132.108,2,0.7,-92.492, 10.48 ,Medium
31,MX-2013-164021,7/23/2013,7/29/2013,Standard Class,BM-11140,Becky Martin,Consumer,Bello,Antioquia,Colombia,,LATAM,South,FUR-BO-10004113,Furniture,Bookcases,"Sauder Classic Bookcase, Pine",874.68,3,0,411.06, 164.45 ,Low
32,MX-2013-164021,7/23/2013,7/29/2013,Standard Class,BM-11140,Becky Martin,Consumer,Bello,Antioquia,Colombia,,LATAM,South,FUR-FU-10001583,Furniture,Furnishings,"Deflect-O Light Bulb, Black",75.96,6,0,37.92, 10.10 ,Low
33,US-2011-132388,2/24/2011,2/28/2011,Standard Class,GZ-14470,Gary Zandusky,Consumer,Santo Domingo,Santo Domingo,Dominican Republic,,LATAM,Caribbean,TEC-MA-10002710,Technology,Machines,"Okidata Printer, Durable",107.448,2,0.7,-121.792, 7.32 ,Medium
34,US-2014-157630,6/25/2014,6/29/2014,Standard Class,LR-16915,Lena Radford,Consumer,Lima,Lima (city),Peru,,LATAM,South,OFF-SU-10003236,Office Supplies,Supplies,"Fiskars Scissors, High Speed",18.528,2,0.4,-8.352, 1.11 ,Medium
35,US-2014-157630,6/25/2014,6/29/2014,Standard Class,LR-16915,Lena Radford,Consumer,Lima,Lima (city),Peru,,LATAM,South,OFF-ST-10002471,Office Supplies,Storage,"Smead Lockers, Single Width",158.76,2,0.4,15.84, 12.38 ,Medium
36,US-2014-157630,6/25/2014,6/29/2014,Standard Class,LR-16915,Lena Radford,Consumer,Lima,Lima (city),Peru,,LATAM,South,OFF-SU-10002816,Office Supplies,Supplies,"Kleencut Shears, Serrated",121.716,7,0.4,-2.044, 7.76 ,Medium
37,US-2011-119935,6/13/2011,6/17/2011,Standard Class,KT-16465,Kean Takahito,Consumer,San Miguelito,Panama,Panama,,LATAM,Central,FUR-FU-10000499,Furniture,Furnishings,"Tenex Light Bulb, Duo Pack",22.788,3,0.4,-0.792, 1.36 ,Medium
38,US-2011-119935,6/13/2011,6/17/2011,Standard Class,KT-16465,Kean Takahito,Consumer,San Miguelito,Panama,Panama,,LATAM,Central,FUR-CH-10004725,Furniture,Chairs,"Office Star Bag Chairs, Set of Two",323.064,14,0.4,-124.096, 4.37 ,Medium
39,US-2011-119935,6/13/2011,6/17/2011,Standard Class,KT-16465,Kean Takahito,Consumer,San Miguelito,Panama,Panama,,LATAM,Central,TEC-AC-10001341,Technology,Accessories,"Enermax Memory Card, USB",137.52,3,0.4,-22.92, 6.76 ,Medium
40,US-2011-119935,6/13/2011,6/17/2011,Standard Class,KT-16465,Kean Takahito,Consumer,San Miguelito,Panama,Panama,,LATAM,Central,OFF-AR-10000461,Office Supplies,Art,"Binney & Smith Highlighters, Water Color",39.54,5,0.4,-19.86, 3.08 ,Medium
41,MX-2013-119970,6/25/2013,7/1/2013,Standard Class,MW-18220,Mitch Webber,Consumer,Mexico City,Distrito Federal,Mexico,,LATAM,North,OFF-ST-10000990,Office Supplies,Storage,"Eldon Lockers, Single Width",263.92,2,0,5.24, 16.44 ,Medium
42,MX-2013-119970,6/25/2013,7/1/2013,Standard Class,MW-18220,Mitch Webber,Consumer,Mexico City,Distrito Federal,Mexico,,LATAM,North,OFF-SU-10004643,Office Supplies,Supplies,"Elite Trimmer, Easy Grip",144.3,5,0,36, 7.60 ,Medium
43,MX-2014-165925,1/22/2014,1/27/2014,Standard Class,CS-12355,Christine Sundaresam,Consumer,Tuxtla Gutiérrez,Chiapas,Mexico,,LATAM,North,OFF-PA-10003380,Office Supplies,Paper,"Green Bar Memo Slips, Multicolor",36.72,3,0,10.26, 2.69 ,Medium
44,MX-2014-137365,6/18/2014,6/23/2014,Standard Class,PS-18760,Pamela Stobb,Consumer,Piedras Negras,Coahuila,Mexico,,LATAM,North,OFF-FA-10002247,Office Supplies,Fasteners,"OIC Paper Clips, Bulk Pack",76.96,8,0,9.92, 10.71 ,High
45,MX-2014-137365,6/18/2014,6/23/2014,Standard Class,PS-18760,Pamela Stobb,Consumer,Piedras Negras,Coahuila,Mexico,,LATAM,North,FUR-FU-10003150,Furniture,Furnishings,"Eldon Door Stop, Erganomic",39.024,2,0.4,-1.976, 1.65 ,High
46,MX-2012-158981,12/28/2012,1/1/2013,Standard Class,SC-20845,Sung Chung,Consumer,Tijuana,Baja California,Mexico,,LATAM,North,TEC-AC-10003851,Technology,Accessories,"Memorex Keyboard, Bluetooth",142.68,3,0,32.76, 14.51 ,High
47,MX-2012-158981,12/28/2012,1/1/2013,Standard Class,SC-20845,Sung Chung,Consumer,Tijuana,Baja California,Mexico,,LATAM,North,FUR-BO-10004472,Furniture,Bookcases,"Dania Library with Doors, Pine",582,3,0.2,218.22, 59.68 ,High
48,MX-2012-158981,12/28/2012,1/1/2013,Standard Class,SC-20845,Sung Chung,Consumer,Tijuana,Baja California,Mexico,,LATAM,North,OFF-BI-10000280,Office Supplies,Binders,"Ibico Hole Reinforcements, Economy",41.94,9,0,0, 5.22 ,High
49,MX-2012-158981,12/28/2012,1/1/2013,Standard Class,SC-20845,Sung Chung,Consumer,Tijuana,Baja California,Mexico,,LATAM,North,OFF-EN-10000857,Office Supplies,Envelopes,"Ames Mailers, Security-Tint",255,10,0,91.8, 24.63 ,High
50,MX-2011-112319,4/19/2011,4/25/2011,Standard Class,KT-16465,Kean Takahito,Consumer,Natal,Rio Grande do Norte,Brazil,,LATAM,South,FUR-BO-10003438,Furniture,Bookcases,"Dania Corner Shelving, Pine",575.96,7,0,120.82, 55.57 ,Low
51,MX-2011-112319,4/19/2011,4/25/2011,Standard Class,KT-16465,Kean Takahito,Consumer,Natal,Rio Grande do Norte,Brazil,,LATAM,South,TEC-AC-10001491,Technology,Accessories,"Enermax Flash Drive, Bluetooth",55.36,2,0,1.64, 7.18 ,Low
52,US-2013-125892,8/8/2013,8/10/2013,First Class,NW-18400,Natalie Webber,Consumer,Santo Domingo,Santo Domingo,Dominican Republic,,LATAM,Caribbean,FUR-CH-10004725,Furniture,Chairs,"Office Star Bag Chairs, Set of Two",92.304,3,0.2,-3.516, 28.03 ,Critical
53,US-2013-126655,6/26/2013,7/1/2013,Standard Class,HE-14800,Harold Engle,Corporate,San Miguelito,Panama,Panama,,LATAM,Central,OFF-EN-10000761,Office Supplies,Envelopes,"Jiffy Peel and Seal, with clear poly window",18.84,2,0.4,-6.6, 1.60 ,Medium
54,US-2013-126655,6/26/2013,7/1/2013,Standard Class,HE-14800,Harold Engle,Corporate,San Miguelito,Panama,Panama,,LATAM,Central,FUR-FU-10003066,Furniture,Furnishings,"Deflect-O Frame, Duo Pack",308.28,7,0.4,-149.1, 27.77 ,Medium
55,US-2013-126655,6/26/2013,7/1/2013,Standard Class,HE-14800,Harold Engle,Corporate,San Miguelito,Panama,Panama,,LATAM,Central,OFF-EN-10000075,Office Supplies,Envelopes,"GlobeWeis Interoffice Envelope, Security-Tint",40.176,2,0.4,-6.064, 2.14 ,Medium
56,US-2013-126655,6/26/2013,7/1/2013,Standard Class,HE-14800,Harold Engle,Corporate,San Miguelito,Panama,Panama,,LATAM,Central,OFF-EN-10002226,Office Supplies,Envelopes,"Jiffy Clasp Envelope, Recycled",8.784,3,0.4,-4.836, 0.38 ,Medium
57,MX-2013-167759,12/19/2013,12/25/2013,Standard Class,JE-15610,Jim Epp,Corporate,San Cristóbal de Las Casas,Chiapas,Mexico,,LATAM,North,FUR-CH-10002132,Furniture,Chairs,"Hon Rocking Chair, Black",273.472,4,0.2,95.712, 48.17 ,Low
58,US-2014-119753,10/3/2014,10/8/2014,Standard Class,DW-13195,David Wiener,Corporate,Panama City,Panama,Panama,,LATAM,Central,OFF-BI-10003934,Office Supplies,Binders,"Acco Binding Machine, Clear",60.66,3,0.4,-20.22, 4.00 ,Medium
59,MX-2014-120607,6/18/2014,6/25/2014,Standard Class,SP-20650,Stephanie Phelps,Corporate,Coyoacán,Distrito Federal,Mexico,,LATAM,North,TEC-CO-10003541,Technology,Copiers,"HP Copy Machine, Color",326.18632,2,0.002,64.70632, 16.78 ,Medium
60,MX-2014-120607,6/18/2014,6/25/2014,Standard Class,SP-20650,Stephanie Phelps,Corporate,Coyoacán,Distrito Federal,Mexico,,LATAM,North,OFF-ST-10004296,Office Supplies,Storage,"Rogers Box, Single Width",80,5,0,34.4, 5.08 ,Medium
61,MX-2014-100727,5/15/2014,5/18/2014,First Class,DM-13525,Don Miller,Corporate,Mexico City,Distrito Federal,Mexico,,LATAM,North,OFF-SU-10004480,Office Supplies,Supplies,"Fiskars Box Cutter, Serrated",300.72,14,0,129.08, 21.22 ,High
62,MX-2014-100727,5/15/2014,5/18/2014,First Class,DM-13525,Don Miller,Corporate,Mexico City,Distrito Federal,Mexico,,LATAM,North,OFF-SU-10003162,Office Supplies,Supplies,"Acme Letter Opener, Steel",138.18,7,0,53.76, 19.54 ,High
63,MX-2014-100727,5/15/2014,5/18/2014,First Class,DM-13525,Don Miller,Corporate,Mexico City,Distrito Federal,Mexico,,LATAM,North,OFF-SU-10002521,Office Supplies,Supplies,"Kleencut Box Cutter, Steel",90.8,4,0,31.76, 21.76 ,High
64,MX-2014-154739,7/4/2014,7/7/2014,Second Class,SC-20440,Shaun Chance,Corporate,Artemisa,Artemisa,Cuba,,LATAM,Caribbean,FUR-TA-10004531,Furniture,Tables,"Chromcraft Coffee Table, Rectangular",529.32,3,0,264.66, 94.28 ,High
65,MX-2014-154739,7/4/2014,7/7/2014,Second Class,SC-20440,Shaun Chance,Corporate,Artemisa,Artemisa,Cuba,,LATAM,Caribbean,FUR-BO-10002679,Furniture,Bookcases,"Ikea Stackable Bookrack, Mobile",333.6,4,0,106.72, 45.85 ,High
66,MX-2014-154739,7/4/2014,7/7/2014,Second Class,SC-20440,Shaun Chance,Corporate,Artemisa,Artemisa,Cuba,,LATAM,Caribbean,OFF-FA-10004587,Office Supplies,Fasteners,"Advantus Rubber Bands, 12 Pack",42.72,4,0,0.4, 6.97 ,High
67,MX-2014-121398,12/9/2014,12/11/2014,Second Class,AR-10825,Anthony Rawles,Corporate,La Romana,La Romana,Dominican Republic,,LATAM,Caribbean,OFF-SU-10001132,Office Supplies,Supplies,"Fiskars Trimmer, Serrated",62.4,3,0.2,8.58, 15.74 ,Critical
68,MX-2014-100783,5/6/2014,5/10/2014,Standard Class,MG-18205,Mitch Gastineau,Corporate,Medellín,Antioquia,Colombia,,LATAM,South,OFF-FA-10002353,Office Supplies,Fasteners,"Accos Paper Clips, Metal",44.9,5,0,8.5, 3.21 ,Medium
69,MX-2011-168662,10/13/2011,10/18/2011,Second Class,KC-16255,Karen Carlisle,Corporate,Toluca,México,Mexico,,LATAM,North,OFF-SU-10003665,Office Supplies,Supplies,"Stiletto Letter Opener, Steel",66.88,4,0,28.72, 3.36 ,Medium
70,MX-2014-116337,5/16/2014,5/16/2014,Same Day,MG-18205,Mitch Gastineau,Corporate,Lençóis Paulista,São Paulo,Brazil,,LATAM,South,FUR-BO-10000624,Furniture,Bookcases,"Safco Classic Bookcase, Metal",875.22,3,0,139.98, 220.77 ,High
71,MX-2011-165673,5/31/2011,6/5/2011,Standard Class,PB-19210,Phillip Breyer,Corporate,Guantánamo,Guantánamo,Cuba,,LATAM,Caribbean,OFF-PA-10004385,Office Supplies,Paper,"Eaton Parchment Paper, Premium",17.96,2,0,5.72, 2.03 ,High
72,MX-2011-165673,5/31/2011,6/5/2011,Standard Class,PB-19210,Phillip Breyer,Corporate,Guantánamo,Guantánamo,Cuba,,LATAM,Caribbean,TEC-CO-10001978,Technology,Copiers,"Hewlett Fax and Copier, High-Speed",635.6262,5,0.002,266.1262, 18.26 ,High
73,US-2014-120194,9/12/2014,9/19/2014,Standard Class,TZ-21445,Tom Zandusky,Corporate,Abreu e Lima,Pernambuco,Brazil,,LATAM,South,FUR-TA-10004937,Furniture,Tables,"Chromcraft Conference Table, Rectangular",928.256,2,0.2,-81.224, 75.01 ,Medium
74,MX-2012-156720,2/17/2012,2/22/2012,Standard Class,FM-14215,Filia McAdams,Corporate,Monterrey,Nuevo León,Mexico,,LATAM,North,OFF-SU-10001750,Office Supplies,Supplies,"Stiletto Trimmer, High Speed",28.5,1,0,12.24, 1.81 ,Medium
75,MX-2012-156720,2/17/2012,2/22/2012,Standard Class,FM-14215,Filia McAdams,Corporate,Monterrey,Nuevo León,Mexico,,LATAM,North,TEC-AC-10004379,Technology,Accessories,"Memorex Flash Drive, Bluetooth",98,5,0,20.5, 4.94 ,Medium
76,MX-2012-156720,2/17/2012,2/22/2012,Standard Class,FM-14215,Filia McAdams,Corporate,Monterrey,Nuevo León,Mexico,,LATAM,North,OFF-BI-10001430,Office Supplies,Binders,"Cardinal Index Tab, Clear",8.96,2,0,3.92, 0.74 ,Medium
77,MX-2012-156720,2/17/2012,2/22/2012,Standard Class,FM-14215,Filia McAdams,Corporate,Monterrey,Nuevo León,Mexico,,LATAM,North,OFF-EN-10002122,Office Supplies,Envelopes,"Jiffy Mailers, with clear poly window",135.7,5,0,31.2, 9.46 ,Medium
78,MX-2013-169292,4/23/2013,4/27/2013,Standard Class,AJ-10780,Anthony Jacobs,Corporate,Chihuahua,Chihuahua,Mexico,,LATAM,North,OFF-PA-10001385,Office Supplies,Paper,"Xerox Memo Slips, 8.5 x 11",58.9,5,0,15.3, 4.10 ,High
79,MX-2013-169292,4/23/2013,4/27/2013,Standard Class,AJ-10780,Anthony Jacobs,Corporate,Chihuahua,Chihuahua,Mexico,,LATAM,North,OFF-EN-10002186,Office Supplies,Envelopes,"Kraft Manila Envelope, Set of 50",88.3,5,0,8.8, 10.86 ,High
80,MX-2013-169292,4/23/2013,4/27/2013,Standard Class,AJ-10780,Anthony Jacobs,Corporate,Chihuahua,Chihuahua,Mexico,,LATAM,North,OFF-FA-10004781,Office Supplies,Fasteners,"Stockwell Thumb Tacks, Metal",17.68,2,0,2.28, 2.83 ,High
81,MX-2011-149986,10/21/2011,10/25/2011,Standard Class,AH-10075,Adam Hart,Corporate,Estelí,Estelí,Nicaragua,,LATAM,Central,OFF-ST-10004412,Office Supplies,Storage,"Smead Shelving, Wire Frame",96,3,0,4.8, 5.69 ,Medium
82,US-2014-112368,6/8/2014,6/12/2014,Second Class,TT-21265,Tim Taslimi,Corporate,Buenos Aires,Buenos Aires,Argentina,,LATAM,South,OFF-AR-10000503,Office Supplies,Art,"Stanley Pens, Blue",16.08,4,0.4,-5.36, 2.22 ,High
83,US-2014-112368,6/8/2014,6/12/2014,Second Class,TT-21265,Tim Taslimi,Corporate,Buenos Aires,Buenos Aires,Argentina,,LATAM,South,OFF-PA-10001470,Office Supplies,Paper,"Green Bar Message Books, 8.5 x 11",11.172,1,0.4,-0.188, 1.71 ,High
84,MX-2013-135895,9/4/2013,9/4/2013,Same Day,RS-19420,Ricardo Sperren,Corporate,Jiutepec,Morelos,Mexico,,LATAM,North,TEC-AC-10003681,Technology,Accessories,"SanDisk Mouse, Erganomic",48.16,2,0,13.48, 12.21 ,High
85,MX-2014-135265,12/25/2014,12/31/2014,Standard Class,DR-12880,Dan Reichenbach,Corporate,Mexico City,Distrito Federal,Mexico,,LATAM,North,OFF-PA-10001164,Office Supplies,Paper,"Green Bar Message Books, Recycled",47.4,3,0,22.26, 4.39 ,Medium
86,MX-2014-128762,10/29/2014,11/3/2014,Standard Class,FW-14395,Fred Wasserman,Corporate,Mendoza,Mendoza,Argentina,,LATAM,South,OFF-LA-10000203,Office Supplies,Labels,"Hon Round Labels, Laser Printer Compatible",13.32,5,0.4,0.42, 1.11 ,Medium
87,MX-2014-121923,9/24/2014,10/1/2014,Standard Class,PK-18910,Paul Knutson,Home Office,Managua,Managua,Nicaragua,,LATAM,Central,OFF-EN-10004100,Office Supplies,Envelopes,"Kraft Mailers, Security-Tint",80.1,3,0,37.62, 8.86 ,Low
88,US-2013-167129,5/24/2013,5/31/2013,Standard Class,SC-20050,Sample Company A,Home Office,Tegucigalpa,Francisco Morazán,Honduras,,LATAM,Central,OFF-BI-10003709,Office Supplies,Binders,"Wilson Jones Binding Machine, Durable",141.288,7,0.4,-73.052, 9.47 ,Medium
89,US-2013-167129,5/24/2013,5/31/2013,Standard Class,SC-20050,Sample Company A,Home Office,Tegucigalpa,Francisco Morazán,Honduras,,LATAM,Central,OFF-FA-10003529,Office Supplies,Fasteners,"Stockwell Thumb Tacks, Metal",21.84,4,0.4,-3.28, 1.09 ,Medium
90,US-2013-167129,5/24/2013,5/31/2013,Standard Class,SC-20050,Sample Company A,Home Office,Tegucigalpa,Francisco Morazán,Honduras,,LATAM,Central,TEC-PH-10002483,Technology,Phones,"Motorola Office Telephone, with Caller ID",114.816,4,0.4,-49.824, 5.92 ,Medium
91,US-2013-167129,5/24/2013,5/31/2013,Standard Class,SC-20050,Sample Company A,Home Office,Tegucigalpa,Francisco Morazán,Honduras,,LATAM,Central,OFF-AR-10002055,Office Supplies,Art,"Binney & Smith Markers, Blue",19.272,2,0.4,2.872, 1.84 ,Medium
92,US-2013-167129,5/24/2013,5/31/2013,Standard Class,SC-20050,Sample Company A,Home Office,Tegucigalpa,Francisco Morazán,Honduras,,LATAM,Central,OFF-AP-10000023,Office Supplies,Appliances,"Breville Toaster, Black",152.28,5,0.4,-99.02, 16.25 ,Medium
93,US-2013-167129,5/24/2013,5/31/2013,Standard Class,SC-20050,Sample Company A,Home Office,Tegucigalpa,Francisco Morazán,Honduras,,LATAM,Central,TEC-CO-10004904,Technology,Copiers,"Sharp Fax Machine, Digital",941.77824,8,0.402,-601.74176, 80.28 ,Medium
94,US-2013-167129,5/24/2013,5/31/2013,Standard Class,SC-20050,Sample Company A,Home Office,Tegucigalpa,Francisco Morazán,Honduras,,LATAM,Central,OFF-AR-10000404,Office Supplies,Art,"Stanley Pencil Sharpener, Easy-Erase",10.416,1,0.4,-0.704, 0.93 ,Medium
95,MX-2014-164959,1/16/2014,1/17/2014,Same Day,LC-16960,Lindsay Castell,Home Office,Goiânia,Goiás,Brazil,,LATAM,South,FUR-CH-10002088,Furniture,Chairs,"Novimex Steel Folding Chair, Set of Two",168.96,3,0,40.5, 55.02 ,Critical
96,US-2011-150987,4/2/2011,4/6/2011,Second Class,DW-13480,Dianna Wilson,Home Office,Tegucigalpa,Francisco Morazán,Honduras,,LATAM,Central,TEC-CO-10003142,Technology,Copiers,"Hewlett Fax and Copier, Laser",230.67252,3,0.402,-85.64748, 9.81 ,Medium
97,US-2011-150987,4/2/2011,4/6/2011,Second Class,DW-13480,Dianna Wilson,Home Office,Tegucigalpa,Francisco Morazán,Honduras,,LATAM,Central,TEC-CO-10001756,Technology,Copiers,"Canon Personal Copier, Color",172.43928,3,0.402,-3.48072, 5.57 ,Medium
98,US-2011-150987,4/2/2011,4/6/2011,Second Class,DW-13480,Dianna Wilson,Home Office,Tegucigalpa,Francisco Morazán,Honduras,,LATAM,Central,OFF-AP-10004958,Office Supplies,Appliances,"KitchenAid Stove, Black",683.496,3,0.4,-79.764, 50.13 ,Medium
99,US-2011-150987,4/2/2011,4/6/2011,Second Class,DW-13480,Dianna Wilson,Home Office,Tegucigalpa,Francisco Morazán,Honduras,,LATAM,Central,OFF-EN-10000755,Office Supplies,Envelopes,"Ames Mailers, Recycled",27.72,2,0.4,4.12, 1.60 ,Medium
100,MX-2013-156013,5/31/2013,6/5/2013,Standard Class,DS-13030,Darrin Sayre,Home Office,Santo Domingo,Santo Domingo,Dominican Republic,,LATAM,Caribbean,OFF-FA-10003529,Office Supplies,Fasteners,"Stockwell Thumb Tacks, Metal",21.84,3,0.2,3, 0.89 ,Medium
101,MX-2013-156013,5/31/2013,6/5/2013,Standard Class,DS-13030,Darrin Sayre,Home Office,Santo Domingo,Santo Domingo,Dominican Republic,,LATAM,Caribbean,FUR-BO-10000734,Furniture,Bookcases,"Bush Corner Shelving, Pine",200.544,4,0.4,-13.376, 13.97 ,Medium
102,MX-2013-152611,10/11/2013,10/17/2013,Standard Class,DS-13030,Darrin Sayre,Home Office,Pinheiro,Maranhão,Brazil,,LATAM,South,TEC-PH-10003416,Technology,Phones,"Samsung Office Telephone, with Caller ID",391.32,9,0,144.72, 28.18 ,Medium
103,MX-2014-165442,3/14/2014,3/17/2014,First Class,BT-11530,Bradley Talbott,Home Office,Madero,Tamaulipas,Mexico,,LATAM,North,OFF-BI-10003952,Office Supplies,Binders,"Acco Binding Machine, Recycled",68.6,2,0,26.72, 14.02 ,High
104,MX-2014-165442,3/14/2014,3/17/2014,First Class,BT-11530,Bradley Talbott,Home Office,Madero,Tamaulipas,Mexico,,LATAM,North,OFF-BI-10002080,Office Supplies,Binders,"Acco Binder, Clear",48.7,5,0,17.5, 9.93 ,High
105,MX-2013-165708,12/4/2013,12/9/2013,Standard Class,CG-12040,Catherine Glotzbach,Home Office,Camagüey,Camagüey,Cuba,,LATAM,Caribbean,OFF-FA-10003496,Office Supplies,Fasteners,"Stockwell Push Pins, Assorted Sizes",39.4,5,0,5.1, 3.46 ,Medium
106,US-2011-150623,9/27/2011,10/2/2011,Standard Class,HD-14785,Harold Dahlen,Home Office,Santo Domingo,Santo Domingo,Dominican Republic,,LATAM,Caribbean,OFF-PA-10004854,Office Supplies,Paper,"Green Bar Cards & Envelopes, Recycled",77.28,3,0.2,-1.02, 5.99 ,Medium
107,MX-2014-162152,8/15/2014,8/22/2014,Standard Class,SC-20680,Steve Carroll,Home Office,Tijuana,Baja California,Mexico,,LATAM,North,TEC-PH-10000087,Technology,Phones,"Apple Signal Booster, Cordless",465,5,0,27.9, 55.56 ,Low
108,MX-2012-121006,11/8/2012,11/12/2012,Standard Class,EM-14200,Evan Minnotte,Home Office,Huehuetenango,Huehuetenango,Guatemala,,LATAM,Central,OFF-SU-10002032,Office Supplies,Supplies,"Fiskars Ruler, Steel",46.1,5,0,10.1, 4.03 ,Medium
109,US-2012-146360,3/14/2012,3/18/2012,Standard Class,NP-18685,Nora Pelletier,Home Office,Tegucigalpa,Francisco Morazán,Honduras,,LATAM,Central,OFF-EN-10004580,Office Supplies,Envelopes,"Cameo Interoffice Envelope, with clear poly window",101.94,5,0.4,-52.76, 7.32 ,Medium
110,US-2012-112032,3/19/2012,3/23/2012,Standard Class,PO-19195,Phillina Ober,Home Office,Charallave,Miranda,Venezuela,,LATAM,South,OFF-AR-10002975,Office Supplies,Art,"Stanley Sketch Pad, Fluorescent",73.104,4,0.4,-1.296, 6.42 ,Medium
111,MX-2011-158771,1/4/2011,1/11/2011,Standard Class,BT-11305,Beth Thompson,Home Office,Manzanillo,Granma,Cuba,,LATAM,Caribbean,OFF-EN-10000857,Office Supplies,Envelopes,"Jiffy Interoffice Envelope, Set of 50",185.76,6,0,3.6, 16.39 ,Medium
112,US-2014-118752,9/29/2014,10/4/2014,Standard Class,TT-21460,Tonja Turnell,Home Office,Santo Domingo,Santo Domingo,Dominican Republic,,LATAM,Caribbean,OFF-FA-10004781,Office Supplies,Fasteners,"Stockwell Thumb Tacks, Metal",14.144,2,0.2,-1.256, 0.89 ,Medium
113,US-2014-118752,9/29/2014,10/4/2014,Standard Class,TT-21460,Tonja Turnell,Home Office,Santo Domingo,Santo Domingo,Dominican Republic,,LATAM,Caribbean,OFF-BI-10002414,Office Supplies,Binders,"Ibico Index Tab, Economy",5.552,1,0.2,-0.768, 0.18 ,Medium
114,MX-2013-106782,10/19/2013,10/23/2013,Standard Class,BE-11335,Bill Eplett,Home Office,Holguín,Holguín,Cuba,,LATAM,Caribbean,FUR-CH-10003853,Furniture,Chairs,"Harbour Creations Steel Folding Chair, Red",195.78,3,0,9.78, 17.90 ,Medium
115,MX-2013-106782,10/19/2013,10/23/2013,Standard Class,BE-11335,Bill Eplett,Home Office,Holguín,Holguín,Cuba,,LATAM,Caribbean,OFF-BI-10003184,Office Supplies,Binders,"Avery Index Tab, Clear",19.3,5,0,7.1, 1.01 ,Medium
116,MX-2013-106782,10/19/2013,10/23/2013,Standard Class,BE-11335,Bill Eplett,Home Office,Holguín,Holguín,Cuba,,LATAM,Caribbean,FUR-CH-10002010,Furniture,Chairs,"Office Star Bag Chairs, Adjustable",193.1,5,0,79.1, 2.88 ,Medium
117,MX-2012-133375,7/11/2012,7/11/2012,Same Day,TC-21535,Tracy Collins,Home Office,Pinar del Río,Pinar del Río,Cuba,,LATAM,Caribbean,OFF-ST-10004368,Office Supplies,Storage,"Tenex Trays, Industrial",255.22,7,0,99.4, 75.07 ,Critical
118,MX-2012-133375,7/11/2012,7/11/2012,Same Day,TC-21535,Tracy Collins,Home Office,Pinar del Río,Pinar del Río,Cuba,,LATAM,Caribbean,OFF-AR-10001192,Office Supplies,Art,"Binney & Smith Canvas, Fluorescent",210.48,6,0,75.72, 79.43 ,Critical
119,MX-2012-107146,7/31/2012,8/5/2012,Second Class,SL-20155,Sara Luxemburg,Home Office,Ilopango,San Salvador,El Salvador,,LATAM,Central,FUR-CH-10003853,Furniture,Chairs,"Harbour Creations Steel Folding Chair, Red",326.3,5,0,16.3, 26.91 ,Medium
120,MX-2012-107146,7/31/2012,8/5/2012,Second Class,SL-20155,Sara Luxemburg,Home Office,Ilopango,San Salvador,El Salvador,,LATAM,Central,FUR-CH-10003623,Furniture,Chairs,"SAFCO Steel Folding Chair, Black",277.6,5,0,2.7, 17.62 ,Medium
121,MX-2012-144841,2/15/2012,2/21/2012,Standard Class,BT-11485,Brad Thomas,Home Office,Ibagué,Tolima,Colombia,,LATAM,South,OFF-EN-10004995,Office Supplies,Envelopes,"Ames Interoffice Envelope, with clear poly window",129.76,4,0,42.8, 16.64 ,Medium
122,US-2013-152800,11/15/2013,11/19/2013,Second Class,RS-19870,Roy Skaria,Home Office,La Romana,La Romana,Dominican Republic,,LATAM,Caribbean,OFF-LA-10002868,Office Supplies,Labels,"Hon Removable Labels, 5000 Label Set",16.416,3,0.2,-1.284, 0.69 ,Medium
123,US-2013-152800,11/15/2013,11/19/2013,Second Class,RS-19870,Roy Skaria,Home Office,La Romana,La Romana,Dominican Republic,,LATAM,Caribbean,OFF-SU-10001794,Office Supplies,Supplies,"Elite Ruler, Steel",63.36,9,0.2,1.44, 4.88 ,Medium
124,US-2013-152800,11/15/2013,11/19/2013,Second Class,RS-19870,Roy Skaria,Home Office,La Romana,La Romana,Dominican Republic,,LATAM,Caribbean,OFF-FA-10002835,Office Supplies,Fasteners,"OIC Staples, Assorted Sizes",9.376,2,0.2,2.776, 0.84 ,Medium
125,US-2013-152800,11/15/2013,11/19/2013,Second Class,RS-19870,Roy Skaria,Home Office,La Romana,La Romana,Dominican Republic,,LATAM,Caribbean,OFF-EN-10003560,Office Supplies,Envelopes,"Kraft Clasp Envelope, with clear poly window",33.44,5,0.2,-4.66, 0.89 ,Medium
126,MX-2014-111927,10/7/2014,10/9/2014,First Class,CL-12700,Craig Leslie,Home Office,Masaya,Masaya,Nicaragua,,LATAM,Central,FUR-BO-10003543,Furniture,Bookcases,"Safco Floating Shelf Set, Mobile",398.52,3,0,191.28, 35.21 ,High
127,MX-2011-127089,6/21/2011,6/23/2011,Second Class,SZ-20035,Sam Zeldin,Home Office,Mexico City,Distrito Federal,Mexico,,LATAM,North,FUR-BO-10001099,Furniture,Bookcases,"Bush Corner Shelving, Traditional",264.512,4,0.2,13.152, 27.23 ,Medium
128,MX-2011-127089,6/21/2011,6/23/2011,Second Class,SZ-20035,Sam Zeldin,Home Office,Mexico City,Distrito Federal,Mexico,,LATAM,North,TEC-AC-10004451,Technology,Accessories,"SanDisk Mouse, Bluetooth",51.08,2,0,14.28, 5.31 ,Medium
129,MX-2011-127089,6/21/2011,6/23/2011,Second Class,SZ-20035,Sam Zeldin,Home Office,Mexico City,Distrito Federal,Mexico,,LATAM,North,TEC-AC-10002664,Technology,Accessories,"SanDisk Keyboard, Programmable",110.64,2,0,37.6, 6.62 ,Medium
130,MX-2013-131961,7/4/2013,7/8/2013,Standard Class,KF-16285,Karen Ferguson,Home Office,Santiago,Santiago,Chile,,LATAM,South,OFF-PA-10001091,Office Supplies,Paper,"Eaton Computer Printout Paper, Recycled",123.48,7,0,41.86, 9.35 ,High
131,MX-2013-168781,9/5/2013,9/12/2013,Standard Class,AG-10765,Anthony Garverick,Home Office,Ilopango,San Salvador,El Salvador,,LATAM,Central,OFF-ST-10004660,Office Supplies,Storage,"Fellowes Box, Single Width",105.12,8,0,8.32, 6.04 ,Medium
132,MX-2013-168781,9/5/2013,9/12/2013,Standard Class,AG-10765,Anthony Garverick,Home Office,Ilopango,San Salvador,El Salvador,,LATAM,Central,OFF-AR-10001061,Office Supplies,Art,"Stanley Sketch Pad, Water Color",126.96,4,0,60.88, 5.58 ,Medium
133,MX-2011-102771,10/7/2011,10/10/2011,Second Class,LS-16975,Lindsay Shagiari,Home Office,São Paulo,São Paulo,Brazil,,LATAM,South,OFF-AR-10001271,Office Supplies,Art,"Sanford Markers, Fluorescent",32.68,2,0,6.2, 5.49 ,High
134,US-2014-128279,11/20/2014,11/25/2014,Standard Class,KB-16405,Katrina Bavinger,Home Office,Blumenau,Santa Catarina,Brazil,,LATAM,South,FUR-FU-10004842,Furniture,Furnishings,"Advantus Light Bulb, Erganomic",14.952,3,0.6,-22.428, 1.25 ,Medium
135,MX-2014-155551,9/13/2014,9/13/2014,Same Day,DH-13675,Duane Huffman,Home Office,Ilopango,San Salvador,El Salvador,,LATAM,Central,FUR-CH-10004338,Furniture,Chairs,"Hon Bag Chairs, Red",90.3,3,0,3.6, 9.52 ,High
136,MX-2012-164210,2/10/2012,2/14/2012,Standard Class,RB-19795,Ross Baird,Home Office,Santiago de Cuba,Santiago de Cuba,Cuba,,LATAM,Caribbean,FUR-CH-10001616,Furniture,Chairs,"Harbour Creations Bag Chairs, Red",123.24,3,0,33.24, 11.52 ,Medium
137,MX-2014-164112,10/28/2014,10/30/2014,First Class,CR-12820,Cyra Reiten,Home Office,Matagalpa,Matagalpa,Nicaragua,,LATAM,Central,TEC-MA-10004236,Technology,Machines,"StarTech Inkjet, Durable",1600.96,8,0,368.16, 58.46 ,High
138,MX-2014-164112,10/28/2014,10/30/2014,First Class,CR-12820,Cyra Reiten,Home Office,Matagalpa,Matagalpa,Nicaragua,,LATAM,Central,OFF-AP-10003043,Office Supplies,Appliances,"Breville Blender, White",303.3,5,0,42.4, 8.48 ,High
139,MX-2014-164112,10/28/2014,10/30/2014,First Class,CR-12820,Cyra Reiten,Home Office,Matagalpa,Matagalpa,Nicaragua,,LATAM,Central,OFF-SU-10004446,Office Supplies,Supplies,"Acme Ruler, Steel",53.7,5,0,13.4, 15.74 ,High
140,US-2012-104374,4/17/2012,4/19/2012,First Class,Dp-13240,Dean percer,Home Office,Mérida,Mérida,Venezuela,,LATAM,South,OFF-PA-10004294,Office Supplies,Paper,"Xerox Computer Printout Paper, 8.5 x 11",60.96,5,0.4,-38.64, 4.65 ,High
141,MX-2014-165568,7/24/2014,7/28/2014,Second Class,NF-18595,Nicole Fjeld,Home Office,Soyapango,San Salvador,El Salvador,,LATAM,Central,OFF-LA-10001800,Office Supplies,Labels,"Hon Shipping Labels, Laser Printer Compatible",37.9,5,0,2.6, 0.53 ,Medium
142,US-2012-162684,3/16/2012,3/20/2012,Standard Class,NK-18490,Neil Knudson,Home Office,San Miguelito,Panama,Panama,,LATAM,Central,OFF-FA-10003931,Office Supplies,Fasteners,"Stockwell Clamps, Bulk Pack",30.144,4,0.4,-9.056, 4.09 ,High
143,MX-2011-165232,12/24/2011,12/29/2011,Standard Class,DE-13255,Deanra Eno,Home Office,Mexico City,Distrito Federal,Mexico,,LATAM,North,OFF-BI-10000806,Office Supplies,Binders,"Acco Index Tab, Economy",13.44,2,0,2.4, 0.80 ,Medium
144,MX-2011-137652,9/9/2011,9/14/2011,Standard Class,PH-18790,Patricia Hirasaki,Home Office,Ijuí,Rio Grande do Sul,Brazil,,LATAM,South,FUR-BO-10002300,Furniture,Bookcases,"Dania Classic Bookcase, Traditional",1369.2,5,0,670.9, 89.12 ,Medium
145,MX-2011-137652,9/9/2011,9/14/2011,Standard Class,PH-18790,Patricia Hirasaki,Home Office,Ijuí,Rio Grande do Sul,Brazil,,LATAM,South,FUR-BO-10003326,Furniture,Bookcases,"Safco Stackable Bookrack, Traditional",197.92,2,0,45.52, 15.25 ,Medium
146,MX-2011-137652,9/9/2011,9/14/2011,Standard Class,PH-18790,Patricia Hirasaki,Home Office,Ijuí,Rio Grande do Sul,Brazil,,LATAM,South,OFF-ST-10000836,Office Supplies,Storage,"Tenex Trays, Blue",144.56,4,0,12.96, 12.98 ,Medium
147,MX-2011-145135,3/8/2011,3/8/2011,Same Day,CR-12625,Corey Roper,Home Office,Panama City,Panama,Panama,,LATAM,Central,TEC-CO-10004981,Technology,Copiers,"Sharp Personal Copier, Laser",143.52,3,0.402,9.12, 16.20 ,High
148,MX-2011-139983,10/20/2011,10/23/2011,First Class,HJ-14875,Heather Jas,Home Office,Hermosillo,Sonora,Mexico,,LATAM,North,OFF-LA-10000692,Office Supplies,Labels,"Avery Legal Exhibit Labels, Adjustable",12.32,2,0,1.44, 1.67 ,Medium
149,MX-2011-147284,4/15/2011,4/19/2011,Standard Class,MZ-17335,Maria Zettner,Home Office,Valles,San Luis Potosí,Mexico,,LATAM,North,OFF-PA-10002372,Office Supplies,Paper,"SanDisk Computer Printout Paper, Recycled",99,5,0,13.8, 6.29 ,Medium
150,MX-2012-162656,11/21/2012,11/26/2012,Standard Class,NF-18595,Nicole Fjeld,Home Office,Juárez,Chihuahua,Mexico,,LATAM,North,FUR-FU-10004013,Furniture,Furnishings,"Deflect-O Clock, Durable",132.552,7,0.4,15.372, 4.85 ,Medium
151,US-2014-158813,11/24/2014,11/28/2014,Standard Class,DB-12910,Daniel Byrd,Home Office,Córdoba,Córdoba,Argentina,,LATAM,South,OFF-BI-10004145,Office Supplies,Binders,"Wilson Jones Hole Reinforcements, Economy",3.624,4,0.7,-3.576, 0.24 ,Medium
152,US-2014-158813,11/24/2014,11/28/2014,Standard Class,DB-12910,Daniel Byrd,Home Office,Córdoba,Córdoba,Argentina,,LATAM,South,FUR-TA-10001602,Furniture,Tables,"Barricks Round Table, Adjustable Height",402.96,4,0.7,-725.36, 25.20 ,Medium
153,MX-2014-120215,10/13/2014,10/19/2014,Standard Class,BE-11335,Bill Eplett,Home Office,Camagüey,Camagüey,Cuba,,LATAM,Caribbean,OFF-BI-10002222,Office Supplies,Binders,"Cardinal Binder Covers, Clear",15.28,2,0,1.96, 1.02 ,Medium
154,MX-2012-159702,12/29/2012,1/5/2013,Standard Class,AB-10255,Alejandro Ballentine,Home Office,Goiânia,Goiás,Brazil,,LATAM,South,OFF-LA-10004370,Office Supplies,Labels,"Novimex File Folder Labels, 5000 Label Set",17.28,3,0,6, 1.09 ,Medium
155,US-2013-106845,12/13/2013,12/13/2013,Same Day,RD-19660,Robert Dilbeck,Home Office,Cuajimalpa,Distrito Federal,Mexico,,LATAM,North,FUR-FU-10001317,Furniture,Furnishings,"Eldon Photo Frame, Erganomic",68.076,3,0.4,-22.704, 15.85 ,Critical
156,US-2012-121538,12/4/2012,12/10/2012,Standard Class,FM-14290,Frank Merwin,Home Office,Tegucigalpa,Francisco Morazán,Honduras,,LATAM,Central,TEC-PH-10003177,Technology,Phones,"Samsung Speaker Phone, with Caller ID",98.592,2,0.4,-14.808, 5.08 ,Medium
157,MX-2013-116050,7/18/2013,7/23/2013,Standard Class,DR-12940,Daniel Raglin,Home Office,Apopa,San Salvador,El Salvador,,LATAM,Central,OFF-PA-10004386,Office Supplies,Paper,"Green Bar Note Cards, Premium",119.16,6,0,15.48, 8.36 ,Medium
158,MX-2013-116050,7/18/2013,7/23/2013,Standard Class,DR-12940,Daniel Raglin,Home Office,Apopa,San Salvador,El Salvador,,LATAM,Central,FUR-CH-10001819,Furniture,Chairs,"Office Star Chairmat, Set of Two",90.76,2,0,38.08, 5.67 ,Medium
159,US-2011-122651,6/22/2011,6/28/2011,Standard Class,CK-12325,Christine Kargatis,Home Office,Buenos Aires,Buenos Aires,Argentina,,LATAM,South,FUR-TA-10002088,Furniture,Tables,"Barricks Coffee Table, Adjustable Height",182.214,3,0.7,-267.306, 18.54 ,Medium
160,US-2011-122651,6/22/2011,6/28/2011,Standard Class,CK-12325,Christine Kargatis,Home Office,Buenos Aires,Buenos Aires,Argentina,,LATAM,South,OFF-BI-10001199,Office Supplies,Binders,"Acco Index Tab, Durable",1.788,1,0.7,-2.872, 0.08 ,Medium
161,MX-2013-165939,12/28/2013,12/30/2013,Second Class,BC-11125,Becky Castell,Home Office,Manizales,Caldas,Colombia,,LATAM,South,OFF-EN-10001939,Office Supplies,Envelopes,"Kraft Manila Envelope, Security-Tint",96.3,5,0,3.8, 2.81 ,High
162,MX-2012-133893,7/29/2012,8/2/2012,Standard Class,JO-15550,Jesus Ocampo,Home Office,Itapetininga,São Paulo,Brazil,,LATAM,South,OFF-ST-10003729,Office Supplies,Storage,"Tenex Box, Industrial",33.96,3,0,5.76, 2.68 ,Medium
163,MX-2012-133893,7/29/2012,8/2/2012,Standard Class,JO-15550,Jesus Ocampo,Home Office,Itapetininga,São Paulo,Brazil,,LATAM,South,OFF-BI-10004428,Office Supplies,Binders,"Cardinal Binder, Clear",8.86,1,0,1.24, 0.56 ,Medium
164,MX-2011-128083,8/2/2011,8/3/2011,First Class,JS-15940,Joni Sundaresam,Home Office,Tegucigalpa,Francisco Morazán,Honduras,,LATAM,Central,OFF-EN-10003661,Office Supplies,Envelopes,"Cameo Clasp Envelope, Recycled",13.296,4,0.4,0.416, 4.30 ,Critical
165,MX-2014-147354,10/3/2014,10/8/2014,Standard Class,MO-17800,Meg O'Connel,Home Office,Chinautla,Guatemala,Guatemala,,LATAM,Central,OFF-PA-10001878,Office Supplies,Paper,"Enermax Cards & Envelopes, Premium",157,5,0,18.8, 13.41 ,Medium
166,MX-2014-147354,10/3/2014,10/8/2014,Standard Class,MO-17800,Meg O'Connel,Home Office,Chinautla,Guatemala,Guatemala,,LATAM,Central,TEC-PH-10002708,Technology,Phones,"Nokia Speaker Phone, with Caller ID",246.3,3,0,39.36, 15.56 ,Medium
167,MX-2013-123463,7/20/2013,7/27/2013,Standard Class,FC-14245,Frank Carlisle,Home Office,Piedecuesta,Santander,Colombia,,LATAM,South,OFF-EN-10002559,Office Supplies,Envelopes,"Kraft Clasp Envelope, Recycled",20.8,4,0,7.84, 3.53 ,Low
168,MX-2013-123463,7/20/2013,7/27/2013,Standard Class,FC-14245,Frank Carlisle,Home Office,Piedecuesta,Santander,Colombia,,LATAM,South,OFF-EN-10000084,Office Supplies,Envelopes,"Jiffy Manila Envelope, with clear poly window",98.5,5,0,49.2, 10.47 ,Low
169,MX-2013-123463,7/20/2013,7/27/2013,Standard Class,FC-14245,Frank Carlisle,Home Office,Piedecuesta,Santander,Colombia,,LATAM,South,OFF-ST-10003858,Office Supplies,Storage,"Fellowes File Cart, Single Width",183.12,2,0,21.96, 17.84 ,Low
170,MX-2013-123463,7/20/2013,7/27/2013,Standard Class,FC-14245,Frank Carlisle,Home Office,Piedecuesta,Santander,Colombia,,LATAM,South,OFF-PA-10004190,Office Supplies,Paper,"Xerox Note Cards, Multicolor",74.08,4,0,33.28, 11.58 ,Low
171,MX-2013-123463,7/20/2013,7/27/2013,Standard Class,FC-14245,Frank Carlisle,Home Office,Piedecuesta,Santander,Colombia,,LATAM,South,OFF-BI-10004969,Office Supplies,Binders,"Acco Binding Machine, Durable",140.24,4,0,65.84, 14.01 ,Low
172,MX-2013-123463,7/20/2013,7/27/2013,Standard Class,FC-14245,Frank Carlisle,Home Office,Piedecuesta,Santander,Colombia,,LATAM,South,FUR-CH-10002780,Furniture,Chairs,"Office Star Executive Leather Armchair, Black",1869.72,6,0,205.56, 318.17 ,Low
173,MX-2013-123463,7/20/2013,7/27/2013,Standard Class,FC-14245,Frank Carlisle,Home Office,Piedecuesta,Santander,Colombia,,LATAM,South,OFF-AR-10000019,Office Supplies,Art,"BIC Highlighters, Blue",25.24,2,0,10.32, 2.03 ,Low
174,MX-2012-133732,9/17/2012,9/19/2012,First Class,MP-17470,Mark Packer,Home Office,Tuxtla Gutiérrez,Chiapas,Mexico,,LATAM,North,OFF-FA-10002286,Office Supplies,Fasteners,"OIC Push Pins, Bulk Pack",19.88,2,0,9.72, 5.44 ,High
175,MX-2011-125045,11/22/2011,11/25/2011,First Class,SM-20320,Sean Miller,Home Office,San Juan de la Maguana,San Juan,Dominican Republic,,LATAM,Caribbean,OFF-AP-10003561,Office Supplies,Appliances,"Breville Microwave, Black",1124.256,7,0.2,252.896, 286.46 ,Critical
176,MX-2012-122329,9/24/2012,9/28/2012,Second Class,BF-11215,Benjamin Farhat,Home Office,Managua,Managua,Nicaragua,,LATAM,Central,TEC-PH-10002102,Technology,Phones,"Nokia Headset, Cordless",202.56,4,0,95.2, 21.06 ,Medium
177,MX-2012-122329,9/24/2012,9/28/2012,Second Class,BF-11215,Benjamin Farhat,Home Office,Managua,Managua,Nicaragua,,LATAM,Central,OFF-EN-10002710,Office Supplies,Envelopes,"GlobeWeis Interoffice Envelope, with clear poly window",102.72,3,0,8.16, 9.46 ,Medium
178,MX-2012-122329,9/24/2012,9/28/2012,Second Class,BF-11215,Benjamin Farhat,Home Office,Managua,Managua,Nicaragua,,LATAM,Central,TEC-CO-10003346,Technology,Copiers,"Brother Wireless Fax, Digital",2014.3632,8,0.002,419.8032, 243.06 ,Medium
179,MX-2012-122329,9/24/2012,9/28/2012,Second Class,BF-11215,Benjamin Farhat,Home Office,Managua,Managua,Nicaragua,,LATAM,Central,TEC-AC-10001311,Technology,Accessories,"Belkin Keyboard, Erganomic",163.38,3,0,75.12, 9.14 ,Medium
180,MX-2011-128699,9/19/2011,9/25/2011,Standard Class,SZ-20035,Sam Zeldin,Home Office,Managua,Managua,Nicaragua,,LATAM,Central,FUR-BO-10001946,Furniture,Bookcases,"Sauder 3-Shelf Cabinet, Metal",332.28,3,0,3.3, 49.69 ,Low
181,MX-2014-118766,5/9/2014,5/14/2014,Standard Class,AG-10765,Anthony Garverick,Home Office,San Salvador,San Salvador,El Salvador,,LATAM,Central,OFF-FA-10001029,Office Supplies,Fasteners,"OIC Push Pins, Assorted Sizes",74.16,9,0,3.6, 3.99 ,High
182,MX-2014-118766,5/9/2014,5/14/2014,Standard Class,AG-10765,Anthony Garverick,Home Office,San Salvador,San Salvador,El Salvador,,LATAM,Central,FUR-FU-10002696,Furniture,Furnishings,"Eldon Frame, Durable",679.68,9,0,190.26, 56.24 ,High
183,US-2014-151526,10/25/2014,11/1/2014,Standard Class,DB-13360,Dennis Bolton,Home Office,El Progreso,Yoro,Honduras,,LATAM,Central,OFF-SU-10003371,Office Supplies,Supplies,"Elite Shears, Serrated",17.484,1,0.4,-11.656, 2.01 ,Low
184,MX-2014-100811,4/28/2014,5/3/2014,Standard Class,EK-13795,Eileen Kiefer,Home Office,Tlalnepantla,México,Mexico,,LATAM,North,FUR-BO-10004725,Furniture,Bookcases,"Sauder Library with Doors, Metal",412.896,2,0.2,20.616, 14.95 ,Medium
185,MX-2012-106740,12/19/2012,12/25/2012,Standard Class,BT-11485,Brad Thomas,Home Office,Brasília,Federal District,Brazil,,LATAM,South,TEC-CO-10003135,Technology,Copiers,"Canon Fax and Copier, High-Speed",378.32184,3,0.002,165.98184, 26.13 ,Medium
186,MX-2012-106740,12/19/2012,12/25/2012,Standard Class,BT-11485,Brad Thomas,Home Office,Brasília,Federal District,Brazil,,LATAM,South,OFF-SU-10001831,Office Supplies,Supplies,"Stiletto Scissors, High Speed",47.22,3,0,22.62, 1.91 ,Medium
187,MX-2014-134733,10/23/2014,10/27/2014,Second Class,DB-12910,Daniel Byrd,Home Office,Mixco,Guatemala,Guatemala,,LATAM,Central,OFF-AR-10002583,Office Supplies,Art,"BIC Markers, Fluorescent",129.22,7,0,10.22, 21.69 ,High
188,MX-2014-129154,12/17/2014,12/21/2014,Second Class,NP-18685,Nora Pelletier,Home Office,Manaus,Amazonas,Brazil,,LATAM,South,OFF-SU-10001851,Office Supplies,Supplies,"Stiletto Ruler, Steel",9.52,1,0,2.94, 0.33 ,Medium
189,MX-2011-103709,6/7/2011,6/11/2011,Standard Class,SU-20665,Stephanie Ulpright,Home Office,Panama City,Panama,Panama,,LATAM,Central,FUR-BO-10001390,Furniture,Bookcases,"Bush Floating Shelf Set, Traditional",205.524,3,0.4,6.804, 18.98 ,High
190,MX-2014-112704,9/12/2014,9/15/2014,First Class,JK-16120,Julie Kriz,Home Office,Santo Domingo,Santo Domingo,Dominican Republic,,LATAM,Caribbean,TEC-CO-10002700,Technology,Copiers,"Hewlett Fax and Copier, Digital",204.83064,2,0.202,40.55064, 40.05 ,High
191,MX-2014-124674,10/28/2014,11/2/2014,Second Class,BS-11800,Bryan Spruell,Home Office,Villahermosa,Tabasco,Mexico,,LATAM,North,OFF-ST-10001991,Office Supplies,Storage,"Eldon Shelving, Wire Frame",221.62,7,0,97.44, 34.46 ,High
192,MX-2014-124674,10/28/2014,11/2/2014,Second Class,BS-11800,Bryan Spruell,Home Office,Villahermosa,Tabasco,Mexico,,LATAM,North,FUR-FU-10001765,Furniture,Furnishings,"Eldon Clock, Durable",42.84,2,0.4,-22.16, 7.67 ,High
193,US-2013-159590,10/27/2013,10/29/2013,First Class,EH-14125,Eugene Hildebrand,Home Office,San Pedro Sula,Cortés,Honduras,,LATAM,Central,OFF-AR-10000719,Office Supplies,Art,"Boston Pencil Sharpener, Water Color",25.704,2,0.4,-17.136, 0.37 ,Medium
194,MX-2013-161067,12/16/2013,12/20/2013,Standard Class,PK-18910,Paul Knutson,Home Office,Soyapango,San Salvador,El Salvador,,LATAM,Central,OFF-ST-10002902,Office Supplies,Storage,"Fellowes Lockers, Wire Frame",963.2,7,0,423.78, 70.14 ,Medium
195,MX-2011-112130,3/22/2011,3/27/2011,Standard Class,NF-18475,Neil Französisch,Home Office,Managua,Managua,Nicaragua,,LATAM,Central,OFF-PA-10001283,Office Supplies,Paper,"Green Bar Parchment Paper, Premium",22.24,2,0,9.32, 2.68 ,Medium
196,MX-2012-151673,6/20/2012,6/24/2012,Standard Class,SL-20155,Sara Luxemburg,Home Office,São Paulo,São Paulo,Brazil,,LATAM,South,FUR-FU-10004339,Furniture,Furnishings,"Deflect-O Frame, Black",293.44,4,0,67.44, 25.67 ,Medium
197,MX-2013-123799,4/15/2013,4/19/2013,Standard Class,EM-14140,Eugene Moren,Home Office,León,Guanajuato,Mexico,,LATAM,North,OFF-SU-10003236,Office Supplies,Supplies,"Fiskars Scissors, High Speed",30.88,2,0,4, 2.08 ,Medium
198,MX-2013-123799,4/15/2013,4/19/2013,Standard Class,EM-14140,Eugene Moren,Home Office,León,Guanajuato,Mexico,,LATAM,North,OFF-AR-10001423,Office Supplies,Art,"BIC Canvas, Water Color",113.76,3,0,14.76, 5.76 ,Medium
199,MX-2012-121335,9/18/2012,9/23/2012,Standard Class,EM-14200,Evan Minnotte,Home Office,San Salvador,San Salvador,El Salvador,,LATAM,Central,OFF-PA-10003513,Office Supplies,Paper,"Enermax Message Books, Recycled",89.64,6,0,40.32, 4.58 ,Medium
200,MX-2012-121335,9/18/2012,9/23/2012,Standard Class,EM-14200,Evan Minnotte,Home Office,San Salvador,San Salvador,El Salvador,,LATAM,Central,FUR-FU-10000850,Furniture,Furnishings,"Rubbermaid Clock, Black",100.32,3,0,49.14, 3.23 ,Medium
201,MX-2013-109631,6/25/2013,7/1/2013,Standard Class,MA-17560,Matt Abelman,Home Office,Mexico City,Distrito Federal,Mexico,,LATAM,North,OFF-AR-10004348,Office Supplies,Art,"Boston Sketch Pad, Easy-Erase",65.16,2,0,7.16, 4.14 ,Medium
202,MX-2014-133830,4/15/2014,4/17/2014,First Class,PS-18970,Paul Stevenson,Home Office,Bogotá,Bogota,Colombia,,LATAM,South,OFF-SU-10002816,Office Supplies,Supplies,"Kleencut Shears, Serrated",86.94,3,0,33.9, 24.22 ,Critical
203,MX-2014-133830,4/15/2014,4/17/2014,First Class,PS-18970,Paul Stevenson,Home Office,Bogotá,Bogota,Colombia,,LATAM,South,OFF-FA-10001237,Office Supplies,Fasteners,"Stockwell Push Pins, Bulk Pack",74.56,8,0,32.8, 20.38 ,Critical
204,MX-2014-133830,4/15/2014,4/17/2014,First Class,PS-18970,Paul Stevenson,Home Office,Bogotá,Bogota,Colombia,,LATAM,South,OFF-AP-10002252,Office Supplies,Appliances,"Cuisinart Stove, Black",1792.4,5,0,304.7, 303.63 ,Critical
205,MX-2014-133830,4/15/2014,4/17/2014,First Class,PS-18970,Paul Stevenson,Home Office,Bogotá,Bogota,Colombia,,LATAM,South,OFF-EN-10003939,Office Supplies,Envelopes,"Kraft Interoffice Envelope, Set of 50",187.68,6,0,56.28, 79.38 ,Critical
206,MX-2012-120537,9/6/2012,9/11/2012,Standard Class,VP-21730,Victor Preis,Home Office,Managua,Managua,Nicaragua,,LATAM,Central,FUR-FU-10000850,Furniture,Furnishings,"Rubbermaid Clock, Black",133.76,4,0,65.52, 20.73 ,High
207,MX-2014-151442,7/31/2014,8/4/2014,Standard Class,TC-21535,Tracy Collins,Home Office,Chinautla,Guatemala,Guatemala,,LATAM,Central,FUR-BO-10004142,Furniture,Bookcases,"Safco Classic Bookcase, Traditional",876.3,3,0,359.28, 58.34 ,Medium
208,MX-2014-143322,8/26/2014,8/28/2014,First Class,SD-20485,Shirley Daniels,Home Office,Hermosillo,Sonora,Mexico,,LATAM,North,OFF-AP-10001682,Office Supplies,Appliances,"Hamilton Beach Blender, Black",234.9,5,0,49.3, 60.34 ,Critical
209,MX-2012-100034,9/4/2012,9/7/2012,Second Class,CD-12790,Cynthia Delaney,Home Office,Apodaca,Nuevo León,Mexico,,LATAM,North,OFF-BI-10004632,Office Supplies,Binders,"Avery 3-Hole Punch, Recycled",75.28,4,0,6, 8.54 ,Critical
210,MX-2013-145891,9/21/2013,9/25/2013,Standard Class,VF-21715,Vicky Freymann,Home Office,Antiguo Cuscatlán,La Libertad,El Salvador,,LATAM,Central,OFF-ST-10001172,Office Supplies,Storage,"Fellowes Trays, Wire Frame",112.92,3,0,12.42, 8.08 ,Medium
211,MX-2011-125227,11/8/2011,11/12/2011,Standard Class,FC-14245,Frank Carlisle,Home Office,Montevideo,Montevideo,Uruguay,,LATAM,South,FUR-CH-10001262,Furniture,Chairs,"Novimex Bag Chairs, Red",61.28,2,0,6.12, 11.40 ,High
212,MX-2014-164105,11/25/2014,11/28/2014,First Class,MZ-17335,Maria Zettner,Home Office,Tegucigalpa,Francisco Morazán,Honduras,,LATAM,Central,FUR-BO-10004472,Furniture,Bookcases,"Dania Library with Doors, Pine",727.5,5,0.4,121.2, 118.60 ,High
213,US-2013-116988,10/29/2013,11/5/2013,Standard Class,AG-10765,Anthony Garverick,Home Office,Arraiján,Panama,Panama,,LATAM,Central,OFF-AR-10000422,Office Supplies,Art,"Stanley Markers, Blue",26.64,3,0.4,-8.88, 4.97 ,Low
214,MX-2012-143469,10/24/2012,10/28/2012,Standard Class,DW-13480,Dianna Wilson,Home Office,Santos,São Paulo,Brazil,,LATAM,South,FUR-FU-10001175,Furniture,Furnishings,"Advantus Door Stop, Durable",140.2,5,0,7, 13.24 ,Medium
215,MX-2012-143469,10/24/2012,10/28/2012,Standard Class,DW-13480,Dianna Wilson,Home Office,Santos,São Paulo,Brazil,,LATAM,South,OFF-PA-10004386,Office Supplies,Paper,"Green Bar Note Cards, Premium",19.86,1,0,2.58, 1.07 ,Medium
216,MX-2012-161795,9/25/2012,10/1/2012,Standard Class,VF-21715,Vicky Freymann,Home Office,Tegucigalpa,Francisco Morazán,Honduras,,LATAM,Central,OFF-EN-10004012,Office Supplies,Envelopes,"GlobeWeis Peel and Seal, Set of 50",25.668,3,0.4,3.828, 1.41 ,Medium
217,MX-2012-112844,4/10/2012,4/12/2012,Second Class,TH-21550,Tracy Hopkins,Home Office,Zapopan,Jalisco,Mexico,,LATAM,North,TEC-AC-10000692,Technology,Accessories,"Logitech Keyboard, Erganomic",140.52,3,0,2.76, 7.06 ,High
218,MX-2011-152674,6/11/2011,6/17/2011,Standard Class,CR-12820,Cyra Reiten,Home Office,Mixco,Guatemala,Guatemala,,LATAM,Central,OFF-AP-10004113,Office Supplies,Appliances,"Cuisinart Toaster, White",344,10,0,168.4, 30.78 ,Medium
219,MX-2012-107909,8/17/2012,8/19/2012,Second Class,BF-11215,Benjamin Farhat,Home Office,Huehuetenango,Huehuetenango,Guatemala,,LATAM,Central,FUR-FU-10001161,Furniture,Furnishings,"Deflect-O Photo Frame, Duo Pack",207.84,6,0,85.2, 26.35 ,Medium
220,MX-2012-107909,8/17/2012,8/19/2012,Second Class,BF-11215,Benjamin Farhat,Home Office,Huehuetenango,Huehuetenango,Guatemala,,LATAM,Central,FUR-TA-10000486,Furniture,Tables,"Barricks Wood Table, Adjustable Height",276.864,1,0.2,96.884, 31.93 ,Medium
221,MX-2014-158638,9/22/2014,9/27/2014,Standard Class,GM-14455,Gary Mitchum,Home Office,Moa,Holguín,Cuba,,LATAM,Caribbean,OFF-LA-10002183,Office Supplies,Labels,"Novimex Legal Exhibit Labels, Alphabetical",13.72,2,0,1.92, 0.76 ,Medium
222,MX-2014-158638,9/22/2014,9/27/2014,Standard Class,GM-14455,Gary Mitchum,Home Office,Moa,Holguín,Cuba,,LATAM,Caribbean,OFF-LA-10003140,Office Supplies,Labels,"Harbour Creations Round Labels, Alphabetical",8.76,2,0,3.12, 0.70 ,Medium
223,MX-2014-158638,9/22/2014,9/27/2014,Standard Class,GM-14455,Gary Mitchum,Home Office,Moa,Holguín,Cuba,,LATAM,Caribbean,OFF-AR-10002802,Office Supplies,Art,"Binney & Smith Pencil Sharpener, Water Color",159.2,8,0,23.84, 9.39 ,Medium
224,MX-2014-166135,9/17/2014,9/19/2014,First Class,EL-13735,Ed Ludwig,Home Office,Santa Catarina,Nuevo León,Mexico,,LATAM,North,TEC-PH-10000577,Technology,Phones,"Samsung Headset, Cordless",152.1,3,0,42.54, 31.86 ,High
225,MX-2014-166135,9/17/2014,9/19/2014,First Class,EL-13735,Ed Ludwig,Home Office,Santa Catarina,Nuevo León,Mexico,,LATAM,North,FUR-BO-10003284,Furniture,Bookcases,"Sauder Floating Shelf Set, Mobile",210.24,2,0.2,7.88, 24.65 ,High
226,MX-2014-166135,9/17/2014,9/19/2014,First Class,EL-13735,Ed Ludwig,Home Office,Santa Catarina,Nuevo León,Mexico,,LATAM,North,TEC-AC-10000152,Technology,Accessories,"Logitech Flash Drive, Erganomic",169.92,9,0,69.66, 5.33 ,High
227,MX-2014-166135,9/17/2014,9/19/2014,First Class,EL-13735,Ed Ludwig,Home Office,Santa Catarina,Nuevo León,Mexico,,LATAM,North,OFF-BI-10003883,Office Supplies,Binders,"Acco Binder, Economy",30.3,3,0,9.06, 3.84 ,High
228,MX-2014-166135,9/17/2014,9/19/2014,First Class,EL-13735,Ed Ludwig,Home Office,Santa Catarina,Nuevo León,Mexico,,LATAM,North,OFF-ST-10003929,Office Supplies,Storage,"Tenex Lockers, Blue",408.3,3,0,44.88, 91.14 ,High
229,MX-2012-126704,11/30/2012,12/4/2012,Standard Class,PL-18925,Paul Lucas,Home Office,Petapa,Guatemala,Guatemala,,LATAM,Central,OFF-BI-10003653,Office Supplies,Binders,"Avery 3-Hole Punch, Durable",78.32,4,0,21.92, 2.57 ,Medium
230,MX-2012-126704,11/30/2012,12/4/2012,Standard Class,PL-18925,Paul Lucas,Home Office,Petapa,Guatemala,Guatemala,,LATAM,Central,FUR-FU-10000251,Furniture,Furnishings,"Deflect-O Door Stop, Duo Pack",146.7,5,0,39.6, 7.74 ,Medium
231,MX-2012-126704,11/30/2012,12/4/2012,Standard Class,PL-18925,Paul Lucas,Home Office,Petapa,Guatemala,Guatemala,,LATAM,Central,OFF-FA-10004649,Office Supplies,Fasteners,"Advantus Clamps, 12 Pack",24.96,2,0,9.96, 2.94 ,Medium
232,MX-2011-147984,4/22/2011,4/27/2011,Standard Class,CK-12325,Christine Kargatis,Home Office,Managua,Managua,Nicaragua,,LATAM,Central,OFF-BI-10000827,Office Supplies,Binders,"Acco Binder, Recycled",20.68,2,0,5.56, 1.33 ,Medium
233,MX-2013-168354,2/2/2013,2/6/2013,Second Class,TN-21040,Tanja Norvell,Home Office,Bogotá,Bogota,Colombia,,LATAM,South,OFF-BI-10004195,Office Supplies,Binders,"Ibico Binder Covers, Durable",40.4,4,0,2.8, 1.14 ,Medium
234,MX-2013-168354,2/2/2013,2/6/2013,Second Class,TN-21040,Tanja Norvell,Home Office,Bogotá,Bogota,Colombia,,LATAM,South,TEC-CO-10002700,Technology,Copiers,"Hewlett Fax and Copier, Digital",256.16664,2,0.002,91.88664, 24.07 ,Medium
235,MX-2013-136721,3/5/2013,3/11/2013,Standard Class,AH-10120,Adrian Hane,Home Office,Cancún,Quintana Roo,Mexico,,LATAM,North,TEC-CO-10002113,Technology,Copiers,"Canon Ink, Digital",585.98568,6,0.002,180.74568, 36.08 ,Medium
236,MX-2013-136721,3/5/2013,3/11/2013,Standard Class,AH-10120,Adrian Hane,Home Office,Cancún,Quintana Roo,Mexico,,LATAM,North,FUR-CH-10001795,Furniture,Chairs,"SAFCO Steel Folding Chair, Red",319.984,7,0.2,55.944, 19.32 ,Medium
237,MX-2014-102064,9/24/2014,9/28/2014,Standard Class,EH-14005,Erica Hernandez,Home Office,Uruguaiana,Rio Grande do Sul,Brazil,,LATAM,South,OFF-ST-10002233,Office Supplies,Storage,"Smead Trays, Single Width",64.68,2,0,23.92, 3.86 ,Medium
238,MX-2012-102960,6/16/2012,6/16/2012,Same Day,MH-17290,Marc Harrigan,Home Office,Zapopan,Jalisco,Mexico,,LATAM,North,OFF-AR-10004422,Office Supplies,Art,"Boston Sketch Pad, Blue",64.8,2,0,27.2, 13.13 ,High
239,US-2013-111332,7/30/2013,8/2/2013,First Class,PK-18910,Paul Knutson,Home Office,Tijuana,Baja California,Mexico,,LATAM,North,FUR-FU-10003901,Furniture,Furnishings,"Advantus Stacking Tray, Erganomic",19.992,2,0.4,-6.688, 4.20 ,High
240,MX-2014-111122,1/15/2014,1/15/2014,Same Day,NP-18685,Nora Pelletier,Home Office,Irapuato,Guanajuato,Mexico,,LATAM,North,OFF-ST-10002538,Office Supplies,Storage,"Rogers File Cart, Single Width",284.16,3,0,113.64, 103.40 ,Critical
241,MX-2014-111122,1/15/2014,1/15/2014,Same Day,NP-18685,Nora Pelletier,Home Office,Irapuato,Guanajuato,Mexico,,LATAM,North,TEC-CO-10002201,Technology,Copiers,"Sharp Ink, Color",334.9288,4,0.002,42.9288, 138.40 ,Critical
242,MX-2014-164294,11/17/2014,11/22/2014,Standard Class,SN-20710,Steve Nguyen,Home Office,Managua,Managua,Nicaragua,,LATAM,Central,FUR-BO-10004142,Furniture,Bookcases,"Safco Classic Bookcase, Traditional",584.2,2,0,239.52, 47.12 ,Medium
243,MX-2014-164294,11/17/2014,11/22/2014,Standard Class,SN-20710,Steve Nguyen,Home Office,Managua,Managua,Nicaragua,,LATAM,Central,TEC-PH-10004287,Technology,Phones,"Cisco Headset, Cordless",304.3,5,0,36.5, 21.45 ,Medium
244,MX-2014-164294,11/17/2014,11/22/2014,Standard Class,SN-20710,Steve Nguyen,Home Office,Managua,Managua,Nicaragua,,LATAM,Central,OFF-FA-10002100,Office Supplies,Fasteners,"OIC Paper Clips, 12 Pack",18.48,2,0,4.96, 0.63 ,Medium
245,MX-2014-164294,11/17/2014,11/22/2014,Standard Class,SN-20710,Steve Nguyen,Home Office,Managua,Managua,Nicaragua,,LATAM,Central,OFF-FA-10004946,Office Supplies,Fasteners,"Advantus Staples, Metal",14.64,2,0,1.88, 1.21 ,Medium
246,MX-2013-148012,7/22/2013,7/29/2013,Standard Class,PH-18790,Patricia Hirasaki,Home Office,Villa Canales,Guatemala,Guatemala,,LATAM,Central,TEC-PH-10002780,Technology,Phones,"Motorola Smart Phone, Cordless",1285.56,3,0,527.04, 129.63 ,Low
247,US-2011-162425,11/28/2011,12/3/2011,Standard Class,MO-17800,Meg O'Connel,Home Office,Panama City,Panama,Panama,,LATAM,Central,OFF-BI-10002483,Office Supplies,Binders,"Cardinal Hole Reinforcements, Clear",3.84,2,0.4,-1.12, 0.25 ,Medium
248,US-2011-162425,11/28/2011,12/3/2011,Standard Class,MO-17800,Meg O'Connel,Home Office,Panama City,Panama,Panama,,LATAM,Central,OFF-FA-10003638,Office Supplies,Fasteners,"Stockwell Clamps, 12 Pack",29.232,4,0.4,-2.448, 1.44 ,Medium
249,MX-2011-112795,6/20/2011,6/26/2011,Standard Class,RB-19465,Rick Bensley,Home Office,Bayamo,Granma,Cuba,,LATAM,Caribbean,OFF-ST-10004368,Office Supplies,Storage,"Tenex Trays, Industrial",109.38,3,0,42.6, 11.93 ,Medium
250,MX-2011-112795,6/20/2011,6/26/2011,Standard Class,RB-19465,Rick Bensley,Home Office,Bayamo,Granma,Cuba,,LATAM,Caribbean,TEC-MA-10002710,Technology,Machines,"Okidata Printer, Durable",358.16,2,0,128.92, 21.04 ,Medium
